@string{ijnme  ={International Journal for Numerical Methods in Engineering}}
@string{jnm  ={Journal of Numerical Methods}}
@string{jfm  ={Journal of Fluid Mechanics}}
@string{jot  ={Journal of Turbulence}}

@Article{Kim,
  author = 	 {Kim, J. and Moin, P.},
  title = 	 {Application of a fractional step method to incompressible {Navier}-{Stokes} equations},
  journal = 	 {Journal of Computational Physics},
  year = 	 1985,
  volume =	 59,
  pages =	 {308-323}
}

@Article{Kim2,
  author = 	 {Kim, J. and Moin, P. and Moser, R.},
  title = 	 {Turbulence statistics in fully developed channel flow at low {R}eynolds number},
  journal = 	 jfm,
  year = 	 1987,
  volume =	 177,
  pages =	 {133-166}
}

@Book{Canuto,
  author = 	 {Canuto, C. and Hussaini, M. and Quarteroni, A. and Zang, T.},
  title = 	 {Spectral methods in fluid dynamics},
  publisher = 	 {New York: Springer-verlag},
  year = 	 1988,
}

@Article{Ghia,
  author = 	 {Ghia, U. and Ghia, N. and Shin, C. T.},
  title = 	 {High-Re Solutions for Incompressible Flow Using the {Navier}-{Stokes} Equations and a Multigrid Method},
  journal = 	 {Journal of Computational Physics},
  year = 	 1982,
  volume =	 48,
  pages =	 {387-411}
}

@Article{Gavrilakis,
  author = 	 {Gavrilakis, S.},
  title = 	 {Numerical simulation of low-{R}eynolds-number turbulent flow through a straight square duct},
  journal = 	 jfm,
  year = 	 1992,
  volume =	 244,
  pages =	 {101-129}
}

@Article{Vinuesa,
  author = 	 {Vinuesa, R. and Noorani, A. and Lozano-Durán, A. and El Khoury, G. K. and Schlatter, P. and Fischer, P. F. and Nagib, H. M.},
  title = 	 {Aspect ratio effects in turbulent duct flows studied through direct numerical simulation},
  journal = 	 jot,
  year = 	 2014,
  volume =	 15,
  pages =	 {677-706}
}

@Article{Pinelli,
  author = 	 {Pinelli, A. and Uhlmann, M. and Sekimoto, A. and Kawahara, G.},
  title = 	 {Reynolds number dependence of mean flow structure in square duct turbulence},
  journal = 	 jfm,
  year = 	 2010,
  volume =	 644,
  pages =	 {107-122}
}

@Article{Owolabi,
  author = 	 {Owolabi, B. E. and Poole, R. J. and Dennis, D. J. C.},
  title = 	 {Experiments in low-Reynolds-number turbulent flow through a square duct},
  journal = 	 jfm,
  year = 	 2016,
  volume =	 798,
  pages =	 {398-410}
}

@Article{Jones,
  author = 	 {Jones, O. C.},
  title = 	 {An improvement in the calculation of turbulent friction in rectangular ducts},
  journal = 	 {Journal of Fluids Engineering},
  year = 	 1976,
  volume =	 98,
  pages =	 {173-180}
}

@ARTICLE{Prandtl26,
  author = {Prandtl, L.},
  title = {Über die ausgebildete Turbulenz},
  journal = {Verh. 2nd Intl Kong. für Tech. Mech., Zurich (English transl.) NACA Tech. Memo 62, 435 },
  year = {1926},
}

@ARTICLE{Huser93,
  author = {Huser, A.  and Biringen, S.},
  title = {Direct numerical simulation of turbulent flow in a square duct},
  journal = {Journal of Fluid Mechanics},
  year = {1993},
  volume = {257},
  pages = {65-95},
  }

@ARTICLE{Zhang,
  author = {Zhang, H.  and Trias, F. X. and Gorobets, A. and Tan, Y. and Oliva, A.},
  title = {Direct numerical simulation of a fully developed turbulent square duct flow up to ${R}e_{\tau}$},
  journal = {Journal of Heat and Fluid Flow},
  year = {2015},
  volume = {54},
  pages = {258-267},
  }

@ARTICLE{Yao,
  author = {Yao, J. and Zhao, Y. and Fairweather, M},
  title = {Numerical simulation of turbulent flow through a straight square duct},
  journal = {Applied Thermal Engineering},
  year = {2015},
  volume = {91},
  pages = {800-811},
  }

@ARTICLE{Madabhushi,
  author = {Madabhushi, R. K. and Vanka, S. P.},
  title = {Large eddy simulation of turbulence-driven secondary flow in a square duct},
  journal = {Journal of Physics Fluids},
  year = {1991},
  volume = {A3 11},
  pages = {2734-2744},
}

@INCOLLECTION{Breuer,
  author = { Breuer, M and Rodi, W.},
  editor = { Voke, P. R. and  Kleiser, L. Chollet, J.P},
  title = {Direct and Large eddy simulation {I}},
  year = {1994},
  publisher = {Kluwer Academic Publishers},
  pages = {273-285},
}

@ARTICLE{Abad,
  author = {Abad, J. D. and Frias, C. E. and  Buscaglia, G. C and Garcia, M. H.},
  title = {Modulation of the flow structure by progressive bedforms in the {K}inoshita meandering channel},
  journal = {Earth Surface Processes and Landforms},
  year = {2013},
  volume = {38},
  pages = {1612-1622},
  }

 @ARTICLE{Brundrett,
  author = {Brundrett, E. and Baines, W. D.},
  title = {The production and diffusion of vorticity in a square duct},
  journal = jfm,
  year = {1964},
  volume = {19},
  pages = {375-394},
}

 @ARTICLE{Launder,
  author = {Launder, B. E. and Ying, W. M.},
  title = {Secondary flows in ducts of square cross-section},
  journal = jfm,
  year = {1972},
  volume = {54},
  pages = {289-295},
}

 @ARTICLE{Melling,
  author = {Melling, A. and Whitelaw, J.H.},
  title = {Turbulent flow in a rectangular duct},
  journal = jfm,
  year = {1976},
  volume = {78},
  pages = {289-315},
}

 @ARTICLE{Kawahara,
  author = {Kawahara, G. and Ayukawa, K. and Ochi, J. and Ono, F. and Kamada, E.},
  title = {Wall shear stress and {R}eynolds stresses in a low {R}eynolds number turbulent square duct flow},
  journal = {Trans. JSME B},
  year = {2000},
  volume = {66(641)},
  pages = {95-102},
}

 @ARTICLE{Kassem,
  author = {Kassem, A. and Imran, J.},
  title = {Three-dimensional modeling of dentsity current. II. Flow in sinuous confined and unconfined channels},
  journal = {Journal of Hydraulic Research},
  year = {2004},
  volume = {6},
  pages = {591-602},
}

 @ARTICLE{Dorrell,
  author = {Dorrell, R. M. and Darby, S. E. and Peakall, J. and Summer, E. J. and Parsons, D. R. and Wynn, R. B.},
  title = {Superelevation and overspill control secondary flow dynamics in submarine channels},
  journal = {Journal of Geophysical Research: Oceans},
  year = {2013},
  volume = {118},
  pages = {3895-3915},
}

@Book{Simpson,
  author = 	 {Simpson, J. E},
  title = 	 {Gravity Currents in the environment and the laboratory},
  publisher = 	 {Cambrigde University Press},
  year = 	 1997,
}

@unpublished{Abad10,
	title= {Secondary Flow in Meandering Channels on Submarine Fans: Implications for Channel Morphodynamics and Architecture},
	author = {Abad, J. D. and Sequeiros, O. and Spinewine, B. and García, M. and Parker, G.},
	year = {2010},
	note= {Geological Society of America Annual Meeting and Exposition},
}

@PHDTHESIS{Sequeiros,
  author =       "Sequeiros, O. E.",
  title =        "{Bedload transport, self acceleration, downstream sorting, and flow dynamics of turbidity currents.}",
  school =       "University of Illinois, Urbana-Champaign",
  year =         "2008",
} 

@ARTICLE{Gessner65,
  author = {Gessner, F. B. and Jones, J. B.},
  title = {On some aspects of fully-developed turbulent flow in rectangular channels},
  journal = {Journal of Fluid Mechanics},
  year = {1965},
  volume = {23},
  pages = {689-713},
}

@INCOLLECTION{Pirmez,
  author = {Pirmez, C. and Flood,R.D.},
  editor = {Flood, R.D. and Piper, D. J. W. and Klaus, A.},
  title = {Morphology and structure of Amazon Channel},
  booktitle = {Proceedings of the Ocean Drilling Program, Initial Reports},
  year = {1995},
  volume ={155},
  pages = {23-45},
}

 @ARTICLE{Parker,
  author = {Parker, G.},
  title = {River meanders in a tray},
  journal = {Nature},
  year = {1998},
  volume = {395},
  pages = {11-112},
}



@comment $Id: amcapaper.bib,v 1.6 2006/08/16 17:17:53 mstorti Exp $
